@inproceedings{Hamrick2011,
author = {Hamrick, Jessica B and Battaglia, Peter W and Tenenbaum, Joshua B},
title = {Internal physics models guide probabilistic judgments about object dynamics},
booktitle = {{Proceedings of the 33rd Annual Conference of the Cognitive Science Society}},
year = {2011}
}

@mastersthesis{Hamrick2012,
author = {Hamrick, Jessica B},
school = {MIT},
title = {Physical reasoning in complex scenes is sensitive to mass},
type = {{MEng thesis}},
year = {2012}
}

@article{Battaglia2013,
author = {Battaglia, Peter W and Hamrick, Jessica B and Tenenbaum, Joshua B},
title = {{Simulation as an engine of physical scene understanding}},
year = {submitted}
}

@book{Runeson1977,
TITLE="On visual perception of dynamic events",
AUTHOR="Runeson, S.",
ISBN="9150601113",
PUBLISHER="S. Runeson",
YEAR=1977
}

@article{Runeson2000,
AUTHOR="Sverker Runeson and Peter Juslin and Henrik Olsson",
TITLE="Visual Perception of Dynamic Properties: Cue Heuristics Versus Direct-Perceptual Competence",
JOURNAL="Psychological Review",
VOLUME="107",
NUMBER="3",
PAGES="525--555",
YEAR=2000
}

@article{Jacobs2000,
AUTHOR="David M. Jacobs and Claire F. Michaels and Sverker Runeson",
TITLE="Learning to perceive the relative mass of colliding balls: the effects of ratio scaling and feedback",
JOURNAL="Perception and Psychophysics",
VOLUME="62",
NUMBER="7",
PAGES="1332--1340",
YEAR=2000
}

@article{Todd1982,
AUTHOR="James T Todd and William H Warren",
TITLE="Visual perception of relative mass in dynamic events",
JOURNAL="Perception",
VOLUME=11,
NUMBER=3,
PAGES="325--335",
YEAR=1982
}

@article{Gilden1989a,
AUTHOR="David L. Gilden and Dennis R. Proffitt",
TITLE="Understanding Collision Dynamics",
JOURNAL="Journal of Experimental Psychology: Human Perception and Performance",
VOLUME="15",
NUMBER="2",
PAGES="372--383",
YEAR=1989
}

@article{Gilden1989b,
AUTHOR="David L. Gilden and Dennis R. Proffitt",
TITLE="Understanding Natural Dynamics",
JOURNAL="Journal of Experimental Psychology: Human Perception and Performance",
VOLUME="15",
NUMBER="2",
PAGES="384--393",
YEAR=1989
}

@article{Gilden1994,
AUTHOR="David L. Gilden and Dennis R. Proffitt",
TITLE="Heuristic judgement of mass ratio in two-body collisions",
JOURNAL="Perception and Psychophysics",
VOLUME="56",
NUMBER="6",
PAGES="708--720",
YEAR=1994
}

@article{Hecht1996,
TITLE="Heuristics and Invariants in Dynamic Event Perception: Immunized Concepts Or Non-statements?",
AUTHOR="Hecht, H.",
JOURNAL="Psychonomic Bulletin and Review",
VOLUME=3,
PAGES="61--70",
ISSN="1069-9384",
PUBLISHER="Psychonomic Society, Inc.",
YEAR=1996
}

@article{Sanborn2009,
AUTHOR="Adam N Sanborn and Vikash K Mansinghka and Thomas L Griffiths",
TITLE="A {Bayesian} Framework for Modeling Intuitive Dynamics",
JOURNAL="Proceedings of the 31st Annual Conference of the Cognitive Science Society",
YEAR=2009
}

@article{Sanborn2013,
author = {Sanborn, Adam N and Mansinghka, Vikash K and Griffiths, Thomas L},
title = {Reconciling intuitive physics and Newtonian mechanics for colliding objects},
journal = {{Psych Review}},
year = {in press}
}

@inproceedings{Smith2012,
author = {Smith, Kevin A and Vul, Edward},
title = {Sources of uncertainty in intuitive physics},
booktitle = {{Proceedings of the 34th Annual Conference of the Cognitive Science Society}},
year = {2012}
}
@inproceedings{Gerstenberg2012,
author = {Gerstenberg, Tobias and Goodman, Noah D and Lagnado, David A and Tenenbaum, Joshua B},
title = {Noisy Newtons: Unifying process and dependency accounts of causal attribution},
booktitle = {{Proceedings of the 34th Annual Conference of the Cognitive Science Society}},
year = {2012}
}

@article{Hegarty2004,
author = {Hegarty, Mary},
title = {Mechanical reasoning by mental simulation},
journal = {{Trends in Cognitive Sciences}},
year = {2004},
volume = {8},
number = {6},
pages = {280-285}
}

@article{Schwartz1999,
author = {Schwartz, Daniel L and Black, Tamara},
title = {Inferences through imagined actions: knowing by simulated doing},
year = {1999},
journal = {{Journal of Experimental Psychology: Learning, Memory, and Cognition}},
volume = {25},
issue = {1}, 
pages = {116â€“136}
}

@article{Cubitt2010,
author = {Cubitt, Toby S and Eisert, Jens and Wolf, Michael M},
year = {2010},
title = {Determining dynamical equations is hard},
journal = {{arXiv preprint arXiv:1005.0005.}}
}

